<record xmlns="http://www.loc.gov/MARC21/slim" xmlns:xsi="http://www.w3.org/2001/XMLSchema-instance" xsi:schemaLocation="http://www.loc.gov/MARC21/slim http://www.loc.gov/standards/marcxml/schema/MARC21slim.xsd"><leader>     nam a22        4500</leader><controlfield tag="001">3073944</controlfield><controlfield tag="003">NNC</controlfield><controlfield tag="006">m        d        </controlfield><controlfield tag="007">cr cn |||m|||a</controlfield><controlfield tag="008">150601s1938    ua fh   ob    001 0 arard</controlfield><datafield ind1=" " ind2=" " tag="040"><subfield code="a">NNU</subfield><subfield code="b">eng</subfield><subfield code="e">rda</subfield><subfield code="c">NNU</subfield></datafield><datafield ind1=" " ind2="4" tag="050"><subfield code="a">PJ6161</subfield><subfield code="b">.Q36 1938</subfield></datafield><datafield ind1="0" ind2=" " tag="100"><subfield code="6">880-01</subfield><subfield code="a">Quda&#772;mah ibn Ja&#699;far,</subfield><subfield code="d">-922?</subfield></datafield><datafield ind1="1" ind2="0" tag="245"><subfield code="6">880-02</subfield><subfield code="a">Kita&#772;b Naqd al-nathr /</subfield><subfield code="c">li-Abi&#772; al-Faraj Quda&#772;mah ibn Ja&#699;far al-Ka&#772;tib al-Baghda&#772;di&#772; ; h&#803;aqqaqahu wa-&#699;allaqa h&#803;awa&#772;shiyahu T&#803;a&#772;ha&#772; H&#803;usayn wa-&#699;Abd al-H&#803;ami&#772;d al-&#699;Abba&#772;di&#772;.</subfield></datafield><datafield ind1="3" ind2="0" tag="246"><subfield code="6">880-03</subfield><subfield code="a">Naqd al-nathr</subfield></datafield><datafield ind1="1" ind2="5" tag="246"><subfield code="6">880-04</subfield><subfield code="a">Naqd al-nathr, aw, Kita&#772;b al-baya&#772;n</subfield></datafield><datafield ind1="3" ind2="0" tag="246"><subfield code="6">880-05</subfield><subfield code="a">Kita&#772;b al-baya&#772;n</subfield></datafield><datafield ind1=" " ind2=" " tag="250"><subfield code="6">880-06</subfield><subfield code="a">al-T&#803;ab&#699;ah 3.</subfield></datafield><datafield ind1=" " ind2=" " tag="260"><subfield code="6">880-07</subfield><subfield code="a">al-Qa&#772;hirah :</subfield><subfield code="b">Mat&#803;ba&#699;at Lajnat al-Ta&#700;li&#772;f wa-al-Tarjamah wa-al-Nashr,</subfield><subfield code="c">1938.</subfield></datafield><datafield ind1=" " ind2=" " tag="300"><subfield code="a">online resource (50, 153 pages, [2] pages of plates) :</subfield><subfield code="b">facsimiles</subfield></datafield><datafield ind1=" " ind2=" " tag="336"><subfield code="a">text</subfield><subfield code="2">rdacontent</subfield></datafield><datafield ind1=" " ind2=" " tag="337"><subfield code="a">computer</subfield><subfield code="2">rdamedia</subfield></datafield><datafield ind1=" " ind2=" " tag="338"><subfield code="a">online resource</subfield><subfield code="2">rdacarrier</subfield></datafield><datafield ind1=" " ind2=" " tag="500"><subfield code="a">Part of the Arabic Collections Online (ACO) project, contributed by Columbia University Libraries.</subfield></datafield><datafield ind1=" " ind2=" " tag="504"><subfield code="a">Includes bibliographical references and index.</subfield></datafield><datafield ind1=" " ind2=" " tag="533"><subfield code="a">Electronic reproduction.</subfield><subfield code="b">New York, N.Y. :</subfield><subfield code="c">New York University,</subfield><subfield code="d">2015.</subfield><subfield code="5">NNU</subfield></datafield><datafield ind1=" " ind2="0" tag="650"><subfield code="a">Arabic language</subfield><subfield code="x">Rhetoric.</subfield></datafield><datafield ind1=" " ind2="0" tag="650"><subfield code="a">Arabic literature</subfield><subfield code="x">History and criticism.</subfield></datafield><datafield ind1=" " ind2="7" tag="650"><subfield code="a">Arabic language</subfield><subfield code="x">Rhetoric.</subfield><subfield code="2">fast</subfield><subfield code="0">(OCoLC)fst00812415</subfield></datafield><datafield ind1=" " ind2="7" tag="650"><subfield code="a">Arabic literature.</subfield><subfield code="2">fast</subfield><subfield code="0">(OCoLC)fst00812478</subfield></datafield><datafield ind1=" " ind2="7" tag="655"><subfield code="a">Criticism, interpretation, etc.</subfield><subfield code="2">fast</subfield><subfield code="0">(OCoLC)fst01411635</subfield></datafield><datafield ind1="1" ind2=" " tag="700"><subfield code="6">880-08</subfield><subfield code="a">H&#803;usayn, T&#803;a&#772;ha&#772;,</subfield><subfield code="d">1889-1973.</subfield></datafield><datafield ind1="1" ind2=" " tag="700"><subfield code="6">880-09</subfield><subfield code="a">&#699;Abba&#772;di&#772;, &#699;Abd al-H&#803;ami&#772;d.</subfield></datafield><datafield ind1="2" ind2=" " tag="710"><subfield code="a">Columbia University.</subfield><subfield code="b">Libraries.</subfield></datafield><datafield ind1="0" ind2=" " tag="730"><subfield code="6">880-10</subfield><subfield code="a">Burha&#772;n fi&#772; wju&#772;h al-baya&#772;n.</subfield></datafield><datafield ind1="0" ind2=" " tag="730"><subfield code="a">Arabic Collections Online.</subfield></datafield><datafield ind1="0" ind2="8" tag="776"><subfield code="i">Print version:</subfield><subfield code="a">Quda&#772;mah ibn Ja&#699;far, -922?</subfield><subfield code="t">Kita&#772;b Naqd al-nathr</subfield><subfield code="w">(NNC)3073944</subfield><subfield code="w">(OCoLC)41354577</subfield></datafield><datafield ind1="4" ind2="0" tag="856"><subfield code="u">http://hdl.handle.net/2333.1/5qftth9p</subfield></datafield><datafield ind1="0" ind2=" " tag="880"><subfield code="6">100-01/r</subfield><subfield code="a">&#1602;&#1583;&#1575;&#1605;&#1577; &#1576;&#1606; &#1580;&#1593;&#1601;&#1585;&#1548;</subfield><subfield code="d">-922?</subfield></datafield><datafield ind1="1" ind2="0" tag="880"><subfield code="6">245-02/r</subfield><subfield code="a">&#8207;&#1603;&#1578;&#1575;&#1576; &#1606;&#1602;&#1583; &#1575;&#1604;&#1606;&#1579;&#1585; /&#8207;</subfield><subfield code="c">&#8207;&#1604;&#1571;&#1576;&#1610; &#1575;&#1604;&#1601;&#1585;&#1580; &#1602;&#1583;&#1575;&#1605;&#1577; &#1576;&#1606; &#1580;&#1593;&#1601;&#1585; &#1575;&#1604;&#1603;&#1575;&#1578;&#1576; &#1575;&#1604;&#1576;&#1594;&#1583;&#1575;&#1583;&#1610; &#1563; &#1581;&#1602;&#1602;&#1607; &#1608;&#1593;&#1604;&#1602; &#1581;&#1608;&#1575;&#1588;&#1610;&#1607; &#1591;&#1607; &#1581;&#1587;&#1610;&#1606; &#1608;&#1593;&#1576;&#1583; &#1575;&#1604;&#1581;&#1605;&#1610;&#1583; &#1575;&#1604;&#1593;&#1576;&#1575;&#1583;&#1610;.</subfield></datafield><datafield ind1="3" ind2="0" tag="880"><subfield code="6">246-03/r</subfield><subfield code="a">&#8207;&#1606;&#1602;&#1583; &#1575;&#1604;&#1606;&#1579;&#1585;</subfield></datafield><datafield ind1="1" ind2="5" tag="880"><subfield code="6">246-04/r</subfield><subfield code="a">&#1606;&#1602;&#1583; &#1575;&#1604;&#1606;&#1579;&#1585;&#1548; &#1575;&#1608;&#1548; &#1603;&#1578;&#1575;&#1576; &#1575;&#1604;&#1576;&#1610;&#1575;&#1606;</subfield></datafield><datafield ind1="3" ind2="0" tag="880"><subfield code="6">246-05/r</subfield><subfield code="a">&#1603;&#1578;&#1575;&#1576; &#1575;&#1604;&#1576;&#1610;&#1575;&#1606;</subfield></datafield><datafield ind1=" " ind2=" " tag="880"><subfield code="6">250-06/r</subfield><subfield code="a">&#8207;&#1575;&#1604;&#1591;&#1576;&#1593;&#1577; 3.</subfield></datafield><datafield ind1=" " ind2=" " tag="880"><subfield code="6">260-07/r</subfield><subfield code="a">&#1575;&#1604;&#1602;&#1575;&#1607;&#1585;&#1577; :</subfield><subfield code="b">&#1605;&#1591;&#1576;&#1593;&#1577; &#1604;&#1580;&#1606;&#1577; &#1575;&#1604;&#1578;&#1571;&#1604;&#1610;&#1601; &#1608;&#1575;&#1604;&#1578;&#1585;&#1580;&#1605;&#1577; &#1608;&#1575;&#1604;&#1606;&#1588;&#1585;&#1548;</subfield><subfield code="c">1938.</subfield></datafield><datafield ind1="1" ind2=" " tag="880"><subfield code="6">700-08/r</subfield><subfield code="a">&#8207;&#1581;&#1587;&#1610;&#1606;&#1548; &#1591;&#1607;&#1548;&#8207;,</subfield><subfield code="d">&#8207;&#8234;1973-1889&#8236;.</subfield></datafield><datafield ind1="1" ind2=" " tag="880"><subfield code="6">700-09/r</subfield><subfield code="a">&#8207;&#1593;&#1576;&#1575;&#1583;&#1610;&#1548; &#1593;&#1576;&#1583; &#1575;&#1604;&#1581;&#1605;&#1610;&#1583;.</subfield></datafield><datafield ind1="0" ind2=" " tag="880"><subfield code="6">730-10/r</subfield><subfield code="a">&#8207;&#1576;&#1585;&#1607;&#1575;&#1606; &#1601;&#1610; &#1608;&#1580;&#1608;&#1607; &#1575;&#1604;&#1576;&#1610;&#1575;&#1606;.</subfield></datafield><datafield ind1=" " ind2=" " tag="959"><subfield code="a">NNU</subfield><subfield code="b">WEB</subfield><subfield code="c">GENI</subfield><subfield code="t">0</subfield><subfield code="m">Electronic access</subfield><subfield code="s">01</subfield></datafield><datafield ind1=" " ind2=" " tag="999"><subfield code="i">NNC_3073944</subfield><subfield code="o">(OCoLC)ocm41354577</subfield><subfield code="s">columbia_aco000582</subfield><subfield code="e">(ERROR-880)</subfield><subfield code="s">columbia_aco000582</subfield></datafield></record>